@article{j1,
author = {Thompson, M and Kel Fidler, J},
year = {2004},
month = {11},
pages = {2098 - 2106},
title = {Determination of the Impedance Matching Domain of Impedance Matching Networks},
volume = {51},
journal = {Circuits and Systems I: Regular Papers, IEEE Transactions on},
doi = {10.1109/TCSI.2004.835682}
}

@book{B1,
   author = {Jin, Au Kong},
   title = {电磁波理论（上） - Electromagnetic Wave Theory},
   year = {高等教育出版社},
   type = {Book}
}

@book{B2,
   author = {Bhag, Singh Guru and Huseyin, R. Hiziroglu},
   title = {电磁场与电磁波 - Electromagnetic Flield Thoery Fundamentals},
   year = {机械工业出版社},
   type = {Book}
}

